@book{1,
title = "Geometria Proiettiva - Problemi risolti e richiami di teoria",
author = "{E. Fortuna, R. Frigerio, R. Pardini}",
publisher = "Springer-Verlag Italia S. R. L.",
year = "2011" }
